<record><leader>00000cas a22000007a 4500</leader><controlfield tag="001">23716048</controlfield><controlfield tag="008">910508d19321970nyudn ne      0    0eng d</controlfield><datafield ind1=" " ind2=" " tag="010"><subfield code="a">sn 91066521 </subfield></datafield><datafield ind1=" " ind2=" " tag="040"><subfield code="a">NYS</subfield><subfield code="b">eng</subfield><subfield code="c">NYS</subfield><subfield code="d">OCLCQ</subfield></datafield><datafield ind1=" " ind2=" " tag="042"><subfield code="a">msc</subfield></datafield><datafield ind1="0" ind2="4" tag="245"><subfield code="a">The Medina daily journal and Medina register.</subfield></datafield><datafield ind1="3" ind2="0" tag="246"><subfield code="a">Medina daily journal, Medina register</subfield></datafield><datafield ind1="3" ind2="0" tag="246"><subfield code="a">Daily journal weekly register</subfield></datafield><datafield ind1="3" ind2="0" tag="246"><subfield code="a">Medina daily journal</subfield></datafield><datafield ind1="3" ind2="0" tag="246"><subfield code="a">Medina register</subfield></datafield><datafield ind1=" " ind2=" " tag="260"><subfield code="a">Medina, N.Y. :</subfield><subfield code="b">Alonzo Lewis Waters</subfield></datafield><datafield ind1=" " ind2=" " tag="300"><subfield code="a">v.</subfield></datafield><datafield ind1=" " ind2=" " tag="310"><subfield code="a">Daily (except Sunday and holidays)</subfield></datafield><datafield ind1="0" ind2=" " tag="362"><subfield code="a">Vol. 29, no. 319 (Jan. 21, 1932)-v. 68, no. 115 (July 10, 1970).</subfield></datafield><datafield ind1=" " ind2=" " tag="500"><subfield code="a">Published as: Medina daily journal, Medina register, Feb. 3, 1932-&lt;1935&gt;; &lt;1936&gt;-1970.</subfield></datafield><datafield ind1=" " ind2=" " tag="500"><subfield code="a">Published as: Daily journal weekly register, &lt;1935&gt;.</subfield></datafield><datafield ind1=" " ind2=" " tag="500"><subfield code="a">Publishers: Alonzo Lewis Walters, 1932- ; Daily Journal Pub. Co., &lt;1945&gt;.</subfield></datafield><datafield ind1=" " ind2=" " tag="500"><subfield code="a">"Official newspaper of Medina, Shelby, Ridgeway and Orleans County."</subfield></datafield><datafield ind1=" " ind2="4" tag="651"><subfield code="a">Medina (N.Y.)</subfield><subfield code="v">Newspapers.</subfield></datafield><datafield ind1=" " ind2="4" tag="651"><subfield code="a">Shelby (N.Y. : Town)</subfield><subfield code="v">Newspapers.</subfield></datafield><datafield ind1=" " ind2="4" tag="651"><subfield code="a">Ridgeway (N.Y.)</subfield><subfield code="v">Newspapers.</subfield></datafield><datafield ind1=" " ind2="4" tag="651"><subfield code="a">Orleans County (N.Y.)</subfield><subfield code="v">Newspapers.</subfield></datafield><datafield ind1=" " ind2=" " tag="752"><subfield code="a">United States</subfield><subfield code="b">New York</subfield><subfield code="c">Orleans</subfield><subfield code="d">Medina.</subfield></datafield><datafield ind1="0" ind2="4" tag="780"><subfield code="t">Medina daily journal</subfield><subfield code="w">(DLC)sn 94057567</subfield></datafield><datafield ind1="0" ind2="4" tag="780"><subfield code="t">Medina register</subfield><subfield code="w">(DLC)sn 88074109</subfield><subfield code="w">(OCoLC)16977610</subfield></datafield><datafield ind1="0" ind2="0" tag="785"><subfield code="t">Journal-register (Medina, N.Y.)</subfield><subfield code="w">(DLC)sn 93063954</subfield></datafield><datafield ind1="1" ind2=" " tag="029"><subfield code="a">AU@</subfield><subfield code="b">000025908634</subfield></datafield></record>